<?xml version="1.0" encoding="UTF-8"?><collection xmlns="http://www.loc.gov/MARC21/slim"><record><leader>00335nam--2200121-i-4500</leader><controlfield tag="001">000002388</controlfield><controlfield tag="002">20161230</controlfield><controlfield tag="005">20161230201025</controlfield><controlfield tag="008">060222s1000------------r-----000-0-eng-d</controlfield><datafield ind1=" " ind2=" " tag="245"><subfield code="a">Management and the computer of the future</subfield></datafield><datafield ind1=" " ind2=" " tag="260"><subfield code="a">New York, John Wiley &amp; Sons. Inc., 1962. Xxvi + 340 P</subfield></datafield><datafield ind1=" " ind2=" " tag="700"><subfield code="a">Greenberger, Martin</subfield></datafield><datafield ind1=" " ind2=" " tag="852"><subfield code="a">18486</subfield></datafield></record></collection>